@incollection{hoadley2012community,
  title={What is a community of practice and how can we support it?},
  author={Hoadley, Christopher},
  booktitle={Theoretical foundations of learning environments},
  pages={286--299},
  year={2012},
  publisher={Routledge},
  url={https://www.academia.edu/36699359/What_is_a_community_of_practice_and_how_can_we_support_it}
}

@book{lave1991situated,
  title={Situated learning: Legitimate peripheral participation},
  author={Lave, Jean and Wenger, Etienne},
  year={1991},
  publisher={Cambridge university press},
  doi={10.1017/CBO9780511815355}
}

@article{brown1991organizational,
  title={Organizational learning and communities-of-practice: Toward a unified view of working, learning, and innovation},
  author={Brown, John Seely and Duguid, Paul},
  journal={Organization science},
  volume={2},
  number={1},
  pages={40--57},
  year={1991},
  publisher={Informs},
  doi={10.1287/orsc.2.1.40}
}

@incollection{constant1987social,
  title={The Social Locus of Technological Practice: Community, System, or Organization?},
  author={Constant II, Edward W},
  booktitle={The Social Construction of Technological Systems},
  editors={W. E. Bijker & T. P. Hughes & T. J. Pinch},
  pages={223--242},
  year={1987},
  publisher={Cambridge MA: MIT Press}
}

@incollection{orr1990sharing,
  title={Sharing knowledge, celebrating identity: Community memory in a service culture.},
  author={Orr, Julian E},
  year={1990},
  editors={D. Middleton & D. Edwards}, 
  booktitle={Collective remembering},
  pages={169--189},
  publisher={Sage Publications, Inc}
}

@incollection{erik2005archetypes,
  title={Archetypes of knowledge communities},
  author={Erik Andriessen, JH},
  booktitle={Communities and technologies},
  pages={191--213},
  year={2005},
  editors={P. van den Besselaar & G. De Michelis & J. Preece & C. Simone}, 
  publisher={Springer}
}

@article{hoadley2005using,
  title={Using technology to transform communities of practice into knowledge-building communities},
  author={Hoadley, Christopher M and Kilner, Peter G},
  journal={ACM SIGGroup Bulletin},
  volume={25},
  number={1},
  pages={31--40},
  year={2005},
  publisher={ACM New York, NY, USA}
}

@article{wenger2000communities,
  title={Communities of practice: The organizational frontier},
  author={Wenger, Etienne C and Snyder, William M},
  journal={Harvard business review},
  volume={78},
  number={1},
  pages={139--146},
  year={2000},
  url={http://www.psycholosphere.com/Communities%20of%20Practice%20-20the%20organizational%20frontier%20by%20Wenger.pdf}
}
@inproceedings{kilner2004con4,
  title={The Con4-P Model of Learning Design for Professional Communities},
  author={Kilner, Pete},
  booktitle={E-Learn: World Conference on E-Learning in Corporate, Government, Healthcare, and Higher Education},
  pages={1307--1311},
  year={2004},
  url={https://www.learntechlib.org/primary/p/11510/},
  organization={Association for the Advancement of Computing in Education (AACE)}
}
@article{stevens2018building,
  title={Building a local community of practice in scientific programming for life scientists},
  author={Stevens, Sarah LR and Kuzak, Mateusz and Martinez, Carlos and Moser, Aurelia and Bleeker, Petra and Galland, Marc},
  journal={PLoS Biology},
  volume={16},
  number={11},
  pages={e2005561},
  doi={10.1371/journal.pbio.2005561},
  year={2018},
  publisher={Public Library of Science San Francisco, CA USA}
}